<collection xmlns="http://www.loc.gov/MARC21/slim">
<record>
  <leader>02470nam0a2200445 i 450 </leader>
  <controlfield tag="001">IT\ICCU\CNCE\055731</controlfield>
  <controlfield tag="005">20151201000000.0</controlfield>
  <datafield tag="012" ind1=" " ind2=" ">
    <subfield code="a">2020 erto o-la adla (3) 1512 (R)</subfield>
    <subfield code="2">fei</subfield>
  </datafield>
  <datafield tag="100" ind1=" " ind2=" ">
    <subfield code="a">20040217d1512        0itac0103    ba</subfield>
  </datafield>
  <datafield tag="101" ind1=" " ind2=" ">
    <subfield code="a">LAT</subfield>
  </datafield>
  <datafield tag="102" ind1=" " ind2=" ">
    <subfield code="a">IT</subfield>
  </datafield>
  <datafield tag="200" ind1="1" ind2=" ">
    <subfield code="a">In hoc codice continentur instituta artium Probique catholica. Cornelijque Frontonis de nominum verborumque differentiis &amp; Phocae grammatici de flatili nota atque de aspiratione libellus. Ab Ianno Parrhasio nuper inuenta, &amp; tractatus de punctis &amp; de accentibus incerti auctoris in antiquiss. codice quorundam grammaticorum inuentus ac nunc primum editus ...</subfield>
  </datafield>
  <datafield tag="210" ind1=" " ind2=" ">
    <subfield code="e">Pisauri</subfield>
    <subfield code="g">imprimebat Hieronymus Soncinus</subfield>
    <subfield code="h">1512 die XXVII Februarii</subfield>
  </datafield>
  <datafield tag="215" ind1=" " ind2=" ">
    <subfield code="a">\4!, XXXXIIII c.</subfield>
    <subfield code="d">fol</subfield>
  </datafield>
  <datafield tag="517" ind1="1" ind2=" ">
    <subfield code="3">IT\ICCU\CNCE\057188</subfield>
    <subfield code="a">Instituta artium Probique catholica</subfield>
  </datafield>
  <datafield tag="620" ind1=" " ind2=" ">
    <subfield code="a">IT</subfield>
    <subfield code="d">Pesaro</subfield>
  </datafield>
  <datafield tag="700" ind1=" " ind2="1">
    <subfield code="a">Probus,</subfield>
    <subfield code="b">Marcus Valerius</subfield>
    <subfield code="3">IT\ICCU\CNCA\004470</subfield>
  </datafield>
  <datafield tag="702" ind1=" " ind2="1">
    <subfield code="a">Fronto,</subfield>
    <subfield code="b">Marcus Cornelius</subfield>
    <subfield code="3">IT\ICCU\CNCA\004471</subfield>
  </datafield>
  <datafield tag="702" ind1=" " ind2="1">
    <subfield code="a">Parrasio,</subfield>
    <subfield code="b">Aulo Giano</subfield>
    <subfield code="3">IT\ICCU\CNCA\003080</subfield>
  </datafield>
  <datafield tag="702" ind1=" " ind2="0">
    <subfield code="a">Phocas</subfield>
    <subfield code="3">IT\ICCU\CNCA\004466</subfield>
  </datafield>
  <datafield tag="712" ind1="0" ind2="0">
    <subfield code="a">Soncino, Girolamo</subfield>
    <subfield code="3">IT\ICCU\CNCT\000277</subfield>
    <subfield code="4">650</subfield>
  </datafield>
  <datafield tag="790" ind1=" " ind2="0">
    <subfield code="a">Probus</subfield>
    <subfield code="3">IT\ICCU\CNCA\017417</subfield>
    <subfield code="z">Probus, Marcus Valerius</subfield>
  </datafield>
  <datafield tag="790" ind1=" " ind2="1">
    <subfield code="a">Probus Berytius,</subfield>
    <subfield code="b">Marcus Valerius</subfield>
    <subfield code="3">IT\ICCU\CNCA\018685</subfield>
    <subfield code="z">Probus, Marcus Valerius</subfield>
  </datafield>
  <datafield tag="790" ind1=" " ind2="1">
    <subfield code="a">Probus,</subfield>
    <subfield code="b">Valerius</subfield>
    <subfield code="3">IT\ICCU\CNCA\022681</subfield>
    <subfield code="z">Probus, Marcus Valerius</subfield>
  </datafield>
  <datafield tag="790" ind1=" " ind2="1">
    <subfield code="a">Frontone,</subfield>
    <subfield code="b">Marco Cornelio</subfield>
    <subfield code="3">IT\ICCU\CNCA\022152</subfield>
    <subfield code="z">Fronto, Marcus Cornelius</subfield>
  </datafield>
  <datafield tag="790" ind1=" " ind2="1">
    <subfield code="a">Parisio,</subfield>
    <subfield code="b">Giovan Paolo</subfield>
    <subfield code="3">IT\ICCU\CNCA\009807</subfield>
    <subfield code="z">Parrasio, Aulo Giano</subfield>
  </datafield>
  <datafield tag="790" ind1=" " ind2="1">
    <subfield code="a">Parrhasius,</subfield>
    <subfield code="b">Aulus Ianus</subfield>
    <subfield code="3">IT\ICCU\CNCA\009808</subfield>
    <subfield code="z">Parrasio, Aulo Giano</subfield>
  </datafield>
  <datafield tag="790" ind1=" " ind2="0">
    <subfield code="a">Foca</subfield>
    <subfield code="3">IT\ICCU\CNCA\018772</subfield>
    <subfield code="z">Phocas</subfield>
  </datafield>
  <datafield tag="791" ind1="0" ind2="0">
    <subfield code="a">Soncino, Gershom ben Mosheh</subfield>
    <subfield code="3">IT\ICCU\CNCT\002888</subfield>
    <subfield code="z">Soncino, Girolamo</subfield>
  </datafield>
  <datafield tag="791" ind1="0" ind2="0">
    <subfield code="a">Soncinus, Hieronymus</subfield>
    <subfield code="3">IT\ICCU\CNCT\005713</subfield>
    <subfield code="z">Soncino, Girolamo</subfield>
  </datafield>
  <datafield tag="791" ind1="0" ind2="0">
    <subfield code="a">Soncinas, Hieronymus</subfield>
    <subfield code="3">IT\ICCU\CNCT\005714</subfield>
    <subfield code="z">Soncino, Girolamo</subfield>
  </datafield>
  <datafield tag="791" ind1="0" ind2="0">
    <subfield code="a">Suncinus, Hieronymus</subfield>
    <subfield code="3">IT\ICCU\CNCT\005715</subfield>
    <subfield code="z">Soncino, Girolamo</subfield>
  </datafield>
  <datafield tag="791" ind1="0" ind2="0">
    <subfield code="a">Sonzino, Hieronymo</subfield>
    <subfield code="3">IT\ICCU\CNCT\005716</subfield>
    <subfield code="z">Soncino, Girolamo</subfield>
  </datafield>
  <datafield tag="801" ind1=" " ind2="3">
    <subfield code="a">IT</subfield>
    <subfield code="b">ICCU</subfield>
    <subfield code="c">20201115</subfield>
  </datafield>
  <datafield tag="899" ind1=" " ind2=" ">
    <subfield code="a">Biblioteca statale. Cremona</subfield>
    <subfield code="1">CR0062</subfield>
    <subfield code="2">LO1 28</subfield>
  </datafield>
  <datafield tag="899" ind1=" " ind2=" ">
    <subfield code="a">Biblioteca Medicea Laurenziana. Firenze</subfield>
    <subfield code="1">FI0100</subfield>
    <subfield code="2">CFI ML</subfield>
  </datafield>
  <datafield tag="899" ind1=" " ind2=" ">
    <subfield code="a">Biblioteca nazionale centrale. Roma</subfield>
    <subfield code="z">MUTILO</subfield>
    <subfield code="1">RM0267</subfield>
    <subfield code="2">BVE CR</subfield>
  </datafield>
  <datafield tag="899" ind1=" " ind2=" ">
    <subfield code="a">Biblioteca Vallicelliana. Roma</subfield>
    <subfield code="1">RM0281</subfield>
    <subfield code="2">RML 08</subfield>
  </datafield>
  <datafield tag="899" ind1=" " ind2=" ">
    <subfield code="a">Biblioteca Casanatense. Roma</subfield>
    <subfield code="1">RM0313</subfield>
    <subfield code="2">RML 07</subfield>
  </datafield>
  <datafield tag="899" ind1=" " ind2=" ">
    <subfield code="a">British Library. London</subfield>
    <subfield code="1">UK0001</subfield>
  </datafield>
</record>
</collection>
